@inproceedings{lowe1999object,
  title={Object recognition from local scale-invariant features},
  author={Lowe, David G},
  booktitle={Proceedings of the seventh IEEE international conference on computer vision},
  volume={2},
  pages={1150--1157},
  year={1999},
  organization={Ieee},
  url={https://www.cs.ubc.ca/~lowe/papers/iccv99.pdf}
}

@article{lowe2004distinctive,
  title={Distinctive image features from scale-invariant keypoints},
  author={Lowe, David G},
  journal={International journal of computer vision},
  volume={60},
  number={2},
  pages={91--110},
  year={2004},
  publisher={Springer},
  url={https://www.cs.ubc.ca/~lowe/papers/ijcv04.pdf}
}

@misc{ezsift,
  title={ezSIFT: An easy-to-use standalone SIFT library written in C/C++},
  author={Guohui Wang},
  url={https://github.com/robertwgh/ezSIFT}
}

@misc{opencv,
  title={OpenCV, the open computer vision library},
  url={https://opencv.org/}
}

@article{vinukonda2011study,
  title={A study of the scale-invariant feature transform on a parallel pipeline},
  author={Vinukonda, Phaneendra},
  year={2011},
  url={http://digitalcommons.lsu.edu/cgi/viewcontent.cgi?article=3720&context=gradschool_theses}
}

@misc{ethsift,
  title={ethSIFT: an optimised, pure-C implementation of SIFT},
  author={Hafner, N and Kalotay, Z and Improta, C and Leutwyler, J},
  year={2020},
  url={https://github.com/shinmera/ethsift}
}